<?xml version="1.0" encoding="UTF-8"?><collection xmlns="http://www.loc.gov/MARC21/slim"><record><leader>00541nam--2200169-i-4500</leader><controlfield tag="001">000018461</controlfield><controlfield tag="002">20161230</controlfield><controlfield tag="005">20170121210509</controlfield><controlfield tag="008">060222s1000------------r-----000-0-eng-d</controlfield><datafield ind1=" " ind2=" " tag="100"><subfield code="a">El-Guebeily, M. A</subfield></datafield><datafield ind1=" " ind2=" " tag="245"><subfield code="a">A radioisotope production facility utilizing the inchas 2 mw research reactor</subfield></datafield><datafield ind1=" " ind2=" " tag="260"><subfield code="a">Cairo</subfield><subfield code="b">U.A.R.Atomic Energy Establ</subfield><subfield code="c">1961</subfield></datafield><datafield ind1=" " ind2=" " tag="300"><subfield code="a">10 p.+ 4 Fig</subfield></datafield><datafield ind1=" " ind2=" " tag="490"><subfield code="a">Symposium On Programming And Utilization Of Research Reactors, Vienna, 1961</subfield></datafield><datafield ind1=" " ind2=" " tag="700"><subfield code="a">Mahmoud, H</subfield></datafield><datafield ind1=" " ind2=" " tag="852"><subfield code="a">16895</subfield></datafield><datafield ind1=" " ind2=" " tag="CAT"><subfield code="a">SYS</subfield><subfield code="c">20170121</subfield><subfield code="h">210509</subfield></datafield></record></collection>